%YAML 1.1
%TAG !u! tag:unity3d.com,2011:
--- !u!1 &569242016911890672
GameObject:
  m_ObjectHideFlags: 0
  m_CorrespondingSourceObject: {fileID: 0}
  m_PrefabInstance: {fileID: 0}
  m_PrefabAsset: {fileID: 0}
  serializedVersion: 6
  m_Component:
  - component: {fileID: 1863946097682916011}
  m_Layer: 0
  m_Name: Agent-imitation-sac-sparse
  m_TagString: Untagged
  m_Icon: {fileID: 0}
  m_NavMeshLayer: 0
  m_StaticEditorFlags: 0
  m_IsActive: 1
--- !u!4 &1863946097682916011
Transform:
  m_ObjectHideFlags: 0
  m_CorrespondingSourceObject: {fileID: 0}
  m_PrefabInstance: {fileID: 0}
  m_PrefabAsset: {fileID: 0}
  m_GameObject: {fileID: 569242016911890672}
  m_LocalRotation: {x: -0, y: -0, z: -0, w: 1}
  m_LocalPosition: {x: 0, y: 0, z: 0}
  m_LocalScale: {x: 1, y: 1, z: 1}
  m_Children:
  - {fileID: 2622236203338706952}
  m_Father: {fileID: 0}
  m_RootOrder: 0
  m_LocalEulerAnglesHint: {x: 0, y: 0, z: 0}
--- !u!114 &4947231659730379474
MonoBehaviour:
  m_ObjectHideFlags: 0
  m_CorrespondingSourceObject: {fileID: 0}
  m_PrefabInstance: {fileID: 0}
  m_PrefabAsset: {fileID: 0}
  m_GameObject: {fileID: 1881596944545620137}
  m_Enabled: 1
  m_EditorHideFlags: 0
  m_Script: {fileID: 11500000, guid: 6bb6b867a41448888c1cd4f99643ad71, type: 3}
  m_Name: 
  m_EditorClassIdentifier: 
  sensorName: MotorSensorOffset
  detectableTags:
  - ground
  - border
  - trail
  - motor
  - obstacle
  raysPerDirection: 12
  maxRayDegrees: 120
  sphereCastRadius: 0.5
  rayLength: 80
  observationStacks: 1
  rayHitColor: {r: 1, g: 0, b: 0, a: 1}
  rayMissColor: {r: 1, g: 1, b: 1, a: 1}
  useWorldPositions: 0
  startVerticalOffset: 3
  endVerticalOffset: 0
--- !u!114 &5947500347969942170
MonoBehaviour:
  m_ObjectHideFlags: 0
  m_CorrespondingSourceObject: {fileID: 0}
  m_PrefabInstance: {fileID: 0}
  m_PrefabAsset: {fileID: 0}
  m_GameObject: {fileID: 1881596944545620137}
  m_Enabled: 1
  m_EditorHideFlags: 0
  m_Script: {fileID: 11500000, guid: 5d1c4e0b1822b495aa52bc52839ecb30, type: 3}
  m_Name: 
  m_EditorClassIdentifier: 
  m_BrainParameters:
    vectorObservationSize: 4
    numStackedVectorObservations: 1
    vectorActionSize: 030000000300000002000000
    vectorActionDescriptions: []
    vectorActionSpaceType: 0
  m_Model: {fileID: 0}
  m_InferenceDevice: 0
  m_BehaviorType: 0
  m_BehaviorName: Imitation
--- !u!114 &6594326527476632562
MonoBehaviour:
  m_ObjectHideFlags: 0
  m_CorrespondingSourceObject: {fileID: 0}
  m_PrefabInstance: {fileID: 0}
  m_PrefabAsset: {fileID: 0}
  m_GameObject: {fileID: 1881596944545620137}
  m_Enabled: 1
  m_EditorHideFlags: 0
  m_Script: {fileID: 11500000, guid: 6bb6b867a41448888c1cd4f99643ad71, type: 3}
  m_Name: 
  m_EditorClassIdentifier: 
  sensorName: MotorSensor
  detectableTags:
  - ground
  - border
  - trail
  - motor
  - obstacle
  raysPerDirection: 12
  maxRayDegrees: 120
  sphereCastRadius: 0.5
  rayLength: 80
  observationStacks: 1
  rayHitColor: {r: 1, g: 0, b: 0, a: 1}
  rayMissColor: {r: 1, g: 1, b: 1, a: 1}
  useWorldPositions: 0
  startVerticalOffset: 1
  endVerticalOffset: 0
--- !u!114 &8459419020110928207
MonoBehaviour:
  m_ObjectHideFlags: 0
  m_CorrespondingSourceObject: {fileID: 0}
  m_PrefabInstance: {fileID: 0}
  m_PrefabAsset: {fileID: 0}
  m_GameObject: {fileID: 1881596944545620137}
  m_Enabled: 1
  m_EditorHideFlags: 0
  m_Script: {fileID: 11500000, guid: e4f72447890d34146aba1ad49d5d7705, type: 3}
  m_Name: 
  m_EditorClassIdentifier: 
  agentParameters:
    maxStep: 4000
    resetOnDone: 1
    onDemandDecision: 0
    numberOfActionsBetweenDecisions: 5
  mapManager: {fileID: 0}
--- !u!1001 &5783911584587819286
PrefabInstance:
  m_ObjectHideFlags: 0
  serializedVersion: 2
  m_Modification:
    m_TransformParent: {fileID: 1863946097682916011}
    m_Modifications:
    - target: {fileID: 8924202285400850342, guid: 361c09e5dba895b46887b7d488f6ae90,
        type: 3}
      propertyPath: m_Name
      value: AIPlayer
      objectReference: {fileID: 0}
    - target: {fileID: 5357122477766087775, guid: 361c09e5dba895b46887b7d488f6ae90,
        type: 3}
      propertyPath: m_LocalPosition.y
      value: 100
      objectReference: {fileID: 0}
    - target: {fileID: 5357122477766087775, guid: 361c09e5dba895b46887b7d488f6ae90,
        type: 3}
      propertyPath: m_LocalEulerAnglesHint.y
      value: 0
      objectReference: {fileID: 0}
    - target: {fileID: 8367856462230427934, guid: 361c09e5dba895b46887b7d488f6ae90,
        type: 3}
      propertyPath: m_LocalPosition.x
      value: 0
      objectReference: {fileID: 0}
    - target: {fileID: 8367856462230427934, guid: 361c09e5dba895b46887b7d488f6ae90,
        type: 3}
      propertyPath: m_LocalPosition.y
      value: 0
      objectReference: {fileID: 0}
    - target: {fileID: 8367856462230427934, guid: 361c09e5dba895b46887b7d488f6ae90,
        type: 3}
      propertyPath: m_LocalPosition.z
      value: 0
      objectReference: {fileID: 0}
    - target: {fileID: 8367856462230427934, guid: 361c09e5dba895b46887b7d488f6ae90,
        type: 3}
      propertyPath: m_LocalRotation.x
      value: -0
      objectReference: {fileID: 0}
    - target: {fileID: 8367856462230427934, guid: 361c09e5dba895b46887b7d488f6ae90,
        type: 3}
      propertyPath: m_LocalRotation.y
      value: -0
      objectReference: {fileID: 0}
    - target: {fileID: 8367856462230427934, guid: 361c09e5dba895b46887b7d488f6ae90,
        type: 3}
      propertyPath: m_LocalRotation.z
      value: -0
      objectReference: {fileID: 0}
    - target: {fileID: 8367856462230427934, guid: 361c09e5dba895b46887b7d488f6ae90,
        type: 3}
      propertyPath: m_LocalRotation.w
      value: 1
      objectReference: {fileID: 0}
    - target: {fileID: 8367856462230427934, guid: 361c09e5dba895b46887b7d488f6ae90,
        type: 3}
      propertyPath: m_RootOrder
      value: 0
      objectReference: {fileID: 0}
    - target: {fileID: 8367856462230427934, guid: 361c09e5dba895b46887b7d488f6ae90,
        type: 3}
      propertyPath: m_LocalEulerAnglesHint.x
      value: 0
      objectReference: {fileID: 0}
    - target: {fileID: 8367856462230427934, guid: 361c09e5dba895b46887b7d488f6ae90,
        type: 3}
      propertyPath: m_LocalEulerAnglesHint.y
      value: 0
      objectReference: {fileID: 0}
    - target: {fileID: 8367856462230427934, guid: 361c09e5dba895b46887b7d488f6ae90,
        type: 3}
      propertyPath: m_LocalEulerAnglesHint.z
      value: 0
      objectReference: {fileID: 0}
    - target: {fileID: 5389285491663944001, guid: 361c09e5dba895b46887b7d488f6ae90,
        type: 3}
      propertyPath: m_IsActive
      value: 0
      objectReference: {fileID: 0}
    - target: {fileID: 5742569052628071507, guid: 361c09e5dba895b46887b7d488f6ae90,
        type: 3}
      propertyPath: m_LocalPosition.y
      value: 0.377
      objectReference: {fileID: 0}
    - target: {fileID: 8406107559339206477, guid: 361c09e5dba895b46887b7d488f6ae90,
        type: 3}
      propertyPath: m_IsActive
      value: 0
      objectReference: {fileID: 0}
    - target: {fileID: 2505542254459522092, guid: 361c09e5dba895b46887b7d488f6ae90,
        type: 3}
      propertyPath: m_IsActive
      value: 0
      objectReference: {fileID: 0}
    - target: {fileID: 2505542254459522094, guid: 361c09e5dba895b46887b7d488f6ae90,
        type: 3}
      propertyPath: m_Enabled
      value: 0
      objectReference: {fileID: 0}
    m_RemovedComponents: []
  m_SourcePrefab: {fileID: 100100000, guid: 361c09e5dba895b46887b7d488f6ae90, type: 3}
--- !u!4 &2622236203338706952 stripped
Transform:
  m_CorrespondingSourceObject: {fileID: 8367856462230427934, guid: 361c09e5dba895b46887b7d488f6ae90,
    type: 3}
  m_PrefabInstance: {fileID: 5783911584587819286}
  m_PrefabAsset: {fileID: 0}
--- !u!1 &1881596944545620137 stripped
GameObject:
  m_CorrespondingSourceObject: {fileID: 5357122477766314431, guid: 361c09e5dba895b46887b7d488f6ae90,
    type: 3}
  m_PrefabInstance: {fileID: 5783911584587819286}
  m_PrefabAsset: {fileID: 0}
